<collection xmlns="http://www.loc.gov/MARC21/slim">
<record>
  <leader>01221nam0a2200229 i 450 </leader>
  <controlfield tag="001">IT\ICCU\CNCE\041543</controlfield>
  <controlfield tag="005">20130115000000.0</controlfield>
  <datafield tag="012" ind1=" " ind2=" ">
    <subfield code="a">-p-e .o73 af,m au&amp;h (3) 1589 (A)</subfield>
    <subfield code="2">fei</subfield>
  </datafield>
  <datafield tag="100" ind1=" " ind2=" ">
    <subfield code="a">19981106d1589        0itac0103    ba</subfield>
  </datafield>
  <datafield tag="101" ind1=" " ind2=" ">
    <subfield code="a">LAT</subfield>
  </datafield>
  <datafield tag="102" ind1=" " ind2=" ">
    <subfield code="a">IT</subfield>
  </datafield>
  <datafield tag="200" ind1="1" ind2=" ">
    <subfield code="a">℗Hieronymi Caphari salernitani ℗Grammatice, simul et epitome. Vna cum metro, ortographia, deque multiplici ratione variandae orationis, atque conficiendarum epistolarum, &amp; de structura orationis carmine exametro. Cum locupletissimo indice ...</subfield>
  </datafield>
  <datafield tag="210" ind1=" " ind2=" ">
    <subfield code="a">Venetiis</subfield>
    <subfield code="c">apud haeredes Melchioris Sessae</subfield>
    <subfield code="d">1589</subfield>
  </datafield>
  <datafield tag="215" ind1=" " ind2=" ">
    <subfield code="a">\16!, 192, \10 p.</subfield>
    <subfield code="d">8ʻ</subfield>
  </datafield>
  <datafield tag="620" ind1=" " ind2=" ">
    <subfield code="a">IT</subfield>
    <subfield code="d">Venezia</subfield>
  </datafield>
  <datafield tag="700" ind1=" " ind2="1">
    <subfield code="a">Cafaro,</subfield>
    <subfield code="b">Girolamo</subfield>
    <subfield code="3">IT\ICCU\CNCA\002332</subfield>
  </datafield>
  <datafield tag="712" ind1="0" ind2="0">
    <subfield code="a">Sessa, Melchiorre</subfield>
    <subfield code="c"> &lt;1.&gt; - eredi</subfield>
    <subfield code="3">IT\ICCU\CNCT\000242</subfield>
    <subfield code="4">650</subfield>
  </datafield>
  <datafield tag="790" ind1=" " ind2="1">
    <subfield code="a">Capharus,</subfield>
    <subfield code="b">Hieronymus</subfield>
    <subfield code="3">IT\ICCU\CNCA\012960</subfield>
    <subfield code="z">Cafaro, Girolamo</subfield>
  </datafield>
  <datafield tag="801" ind1=" " ind2="3">
    <subfield code="a">IT</subfield>
    <subfield code="b">ICCU</subfield>
    <subfield code="c">20201114</subfield>
  </datafield>
  <datafield tag="899" ind1=" " ind2=" ">
    <subfield code="a">Biblioteca comunale Francesco Antolisei. San Severino Marche</subfield>
    <subfield code="1">MC0075</subfield>
    <subfield code="2">UMC FA</subfield>
  </datafield>
  <datafield tag="911" ind1=" " ind2=" ">
    <subfield code="a">Sul front.</subfield>
    <subfield code="9">IT\ICCU\CNCM\000760</subfield>
  </datafield>
  <datafield tag="921" ind1=" " ind2=" ">
    <subfield code="a">IT\ICCU\CNCM\000760</subfield>
    <subfield code="b">Gatta con topo in bocca allatta un gattino. In cornice figurata. Iniziali M.S.</subfield>
    <subfield code="e">Imparibus dissidii satis.</subfield>
    <subfield code="c">V477</subfield>
    <subfield code="c">Z587</subfield>
    <subfield code="d">Dimensioni: 4,8 x 5</subfield>
    <subfield code="f">GATTA</subfield>
    <subfield code="f">TOPO</subfield>
    <subfield code="f">MS</subfield>
    <subfield code="g">[dopo il 1565]-1597</subfield>
  </datafield>
</record>
</collection>
